@Article{ShelahOrder,
 author = {Shelah},
 title = {The monadic theory of order},
 journal = {The Annals of Mathematics},
 year = {1975},
 OPTkey = {},
 volume = {Second series, Vol. 102},
 number = {3},
 pages = {pp. 374-419},
 month = {Nov.},
 OPTnote = {},
 OPTannote = {},
 OPTurl = {},
 OPTurldate = {},
 OPTlastchecked = {},
 OPTdoi = {},
 OPTisbn = {},
 OPTissn = {},
 OPTlocalfile = {},
 OPTabstract = {},
 OPTkeywords = {},
}
